@Misc{KDSIDE,
    author = {NXP Company},
    title = {Design Studio Integrated Development Environment (IDE)},
    note = {[online]},
    howpublished = {\url{https://www.nxp.com/design/designs/design-studio-integrated-development-environment-ide:KDS_IDE}},
}
%    url = {https://www.nxp.com/design/designs/design-studio-integrated-development-environment-ide:KDS_IDE},
